
@inproceedings{arashloo_formal_2023,
	title = {Formal {Methods} for {Network} {Performance} {Analysis}},
	isbn = {978-1-939133-33-5},
	url = {https://www.usenix.org/conference/nsdi23/presentation/tahmasbi},
	language = {en},
	urldate = {2024-10-20},
	author = {Arashloo, Mina Tahmasbi and Beckett, Ryan and Agarwal, Rachit},
	year = {2023},
	pages = {645--661},
	file = {Full Text PDF:C\:\\Users\\Rucho\\Zotero\\storage\\MAWITU5I\\Arashloo et al. - 2023 - Formal Methods for Network Performance Analysis.pdf:application/pdf},
}
